@inproceedings{cheng2019ekiden,
  title={Ekiden: A platform for confidentiality-preserving, trustworthy, and performant smart contracts},
  author={Cheng, Raymond and Zhang, Fan and Kos, Jernej and He, Warren and Hynes, Nicholas and Johnson, Noah and Juels, Ari and Miller, Andrew and Song, Dawn},
  booktitle={2019 IEEE European Symposium on Security and Privacy (EuroS\&P)},
  pages={185--200},
  year={2019},
  organization={IEEE}
}
