@inproceedings{cheng2019ekiden,
  title={Ekiden: A platform for confidentiality-preserving, trustworthy, and performant smart contracts},
  author={Cheng, Raymond and Zhang, Fan and Kos, Jernej and He, Warren and Hynes, Nicholas and Johnson, Noah and Juels, Ari and Miller, Andrew and Song, Dawn},
  booktitle={2019 IEEE European Symposium on Security and Privacy (EuroS\&P)},
  pages={185--200},
  year={2019},
  organization={IEEE}
}
@inproceedings{priebe2018enclavedb,
  title={EnclaveDB: A secure database using SGX},
  author={Priebe, Christian and Vaswani, Kapil and Costa, Manuel},
  booktitle={2018 IEEE Symposium on Security and Privacy (SP)},
  pages={264--278},
  year={2018},
  organization={IEEE}
}
@inproceedings{matetic2019bite,
  title={$\{$BITE$\}$: Bitcoin lightweight client privacy using trusted execution},
  author={Matetic, Sinisa and W{\"u}st, Karl and Schneider, Moritz and Kostiainen, Kari and Karame, Ghassan and Capkun, Srdjan},
  booktitle={28th USENIX Security Symposium (USENIX Security 19)},
  pages={783--800},
  year={2019}
}
@inproceedings{matetic2018delegatee,
  title={$\{$DelegaTEE$\}$: Brokered Delegation Using Trusted Execution Environments},
  author={Matetic, Sinisa and Schneider, Moritz and Miller, Andrew and Juels, Ari and Capkun, Srdjan},
  booktitle={27th USENIX Security Symposium (USENIX Security 18)},
  pages={1387--1403},
  year={2018}
}

@inproceedings{schuster2015vc3,
  title={VC3: Trustworthy data analytics in the cloud using SGX},
  author={Schuster, Felix and Costa, Manuel and Fournet, C{\'e}dric and Gkantsidis, Christos and Peinado, Marcus and Mainar-Ruiz, Gloria and Russinovich, Mark},
  booktitle={2015 IEEE symposium on security and privacy},
  pages={38--54},
  year={2015},
  organization={IEEE}
}

@inproceedings{das2019fastkitten,
  title={$\{$FastKitten$\}$: Practical Smart Contracts on Bitcoin},
  author={Das, Poulami and Eckey, Lisa and Frassetto, Tommaso and Gens, David and Host{\'a}kov{\'a}, Kristina and Jauernig, Patrick and Faust, Sebastian and Sadeghi, Ahmad-Reza},
  booktitle={28th USENIX Security Symposium (USENIX Security 19)},
  pages={801--818},
  year={2019}
}

@inproceedings{murdock2020plundervolt,
  title={Plundervolt: Software-based fault injection attacks against Intel SGX},
  author={Murdock, Kit and Oswald, David and Garcia, Flavio D and Van Bulck, Jo and Gruss, Daniel and Piessens, Frank},
  booktitle={2020 IEEE Symposium on Security and Privacy (SP)},
  pages={1466--1482},
  year={2020},
  organization={IEEE}
}

@inproceedings{biondo2018guard,
  title={The Guard's Dilemma: Efficient $\{$Code-Reuse$\}$ Attacks Against Intel $\{$SGX$\}$},
  author={Biondo, Andrea and Conti, Mauro and Davi, Lucas and Frassetto, Tommaso and Sadeghi, Ahmad-Reza},
  booktitle={27th USENIX Security Symposium (USENIX Security 18)},
  pages={1213--1227},
  year={2018}
}

@inproceedings{wang2019towards,
  title={Towards memory safe enclave programming with rust-sgx},
  author={Wang, Huibo and Wang, Pei and Ding, Yu and Sun, Mingshen and Jing, Yiming and Duan, Ran and Li, Long and Zhang, Yulong and Wei, Tao and Lin, Zhiqiang},
  booktitle={Proceedings of the 2019 ACM SIGSAC Conference on Computer and Communications Security},
  pages={2333--2350},
  year={2019}
}

@inproceedings{xu2015controlled,
  title={Controlled-channel attacks: Deterministic side channels for untrusted operating systems},
  author={Xu, Yuanzhong and Cui, Weidong and Peinado, Marcus},
  booktitle={2015 IEEE Symposium on Security and Privacy},
  pages={640--656},
  year={2015},
  organization={IEEE}
}

@inproceedings{van2017telling,
  title={Telling Your Secrets without Page Faults: Stealthy Page $\{$Table-Based$\}$ Attacks on Enclaved Execution},
  author={Van Bulck, Jo and Weichbrodt, Nico and Kapitza, R{\"u}diger and Piessens, Frank and Strackx, Raoul},
  booktitle={26th USENIX Security Symposium (USENIX Security 17)},
  pages={1041--1056},
  year={2017}
}

@inproceedings{chen2019sgxpectre,
  title={Sgxpectre: Stealing intel secrets from sgx enclaves via speculative execution},
  author={Chen, Guoxing and Chen, Sanchuan and Xiao, Yuan and Zhang, Yinqian and Lin, Zhiqiang and Lai, Ten H},
  booktitle={2019 IEEE European Symposium on Security and Privacy (EuroS\&P)},
  pages={142--157},
  year={2019},
  organization={IEEE}
}

@article{kim2014flipping,
  title={Flipping bits in memory without accessing them: An experimental study of DRAM disturbance errors},
  author={Kim, Yoongu and Daly, Ross and Kim, Jeremie and Fallin, Chris and Lee, Ji Hye and Lee, Donghyuk and Wilkerson, Chris and Lai, Konrad and Mutlu, Onur},
  journal={ACM SIGARCH Computer Architecture News},
  volume={42},
  number={3},
  pages={361--372},
  year={2014},
  publisher={ACM New York, NY, USA}
}

@article{stefanov2018path,
  title={Path ORAM: an extremely simple oblivious RAM protocol},
  author={Stefanov, Emil and Dijk, Marten Van and Shi, Elaine and Chan, T-H Hubert and Fletcher, Christopher and Ren, Ling and Yu, Xiangyao and Devadas, Srinivas},
  journal={Journal of the ACM (JACM)},
  volume={65},
  number={4},
  pages={1--26},
  year={2018},
  publisher={ACM New York, NY, USA}
}

@inproceedings{shinde2016preventing,
  title={Preventing page faults from telling your secrets},
  author={Shinde, Shweta and Chua, Zheng Leong and Narayanan, Viswesh and Saxena, Prateek},
  booktitle={Proceedings of the 11th ACM on Asia Conference on Computer and Communications Security},
  pages={317--328},
  year={2016}
}


@inproceedings{arnautov2016scone,
  title={$\{$SCONE$\}$: Secure linux containers with intel $\{$SGX$\}$},
  author={Arnautov, Sergei and Trach, Bohdan and Gregor, Franz and Knauth, Thomas and Martin, Andre and Priebe, Christian and Lind, Joshua and Muthukumaran, Divya and O'keeffe, Dan and Stillwell, Mark L and others},
  booktitle={12th USENIX Symposium on Operating Systems Design and Implementation (OSDI 16)},
  pages={689--703},
  year={2016}
}

@inproceedings{tang2017clkscrew,
  title={$\{$CLKSCREW$\}$: Exposing the Perils of $\{$Security-Oblivious$\}$ Energy Management},
  author={Tang, Adrian and Sethumadhavan, Simha and Stolfo, Salvatore},
  booktitle={26th USENIX Security Symposium (USENIX Security 17)},
  pages={1057--1074},
  year={2017}
}

@article{baumann2015shielding,
  title={Shielding applications from an untrusted cloud with haven},
  author={Baumann, Andrew and Peinado, Marcus and Hunt, Galen},
  journal={ACM Transactions on Computer Systems (TOCS)},
  volume={33},
  number={3},
  pages={1--26},
  year={2015},
  publisher={ACM New York, NY, USA}
}

@inproceedings{tsai2017graphene,
  title={Graphene-SGX: A Practical Library OS for Unmodified Applications on SGX.},
  author={Tsai, Chia-Che and Porter, Donald E and Vij, Mona},
  booktitle={USENIX Annual Technical Conference},
  pages={645--658},
  year={2017}
}

@misc{asylo,
  howpublished = {\url{https://asylo.dev/}},
  title        = {Google Asylo: An open and flexible framework for enclave applications},
  year         = {2019}
}

@inproceedings{cui2021smashex,
  title={Smashex: Smashing sgx enclaves using exceptions},
  author={Cui, Jinhua and Yu, Jason Zhijingcheng and Shinde, Shweta and Saxena, Prateek and Cai, Zhiping},
  booktitle={Proceedings of the 2021 ACM SIGSAC Conference on Computer and Communications Security},
  pages={779--793},
  year={2021}
}

@article{jang2017hacking,
  title={Hacking in darkness: Return-oriented programming against secure enclaves},
  author={Jang, Jaehyuk Lee Jinsoo Jang Yeongjin and Choi, Nohyun Kwak Yeseul Choi Changho and Kim, Taesoo and Peinado, Marcus and Kang, Brent Byunghoon},
  year={2017}
}