@inproceedings{chongchitmate2022psi,
  title={PSI from ring-OLE},
  author={Chongchitmate, Wutichai and Ishai, Yuval and Lu, Steve and Ostrovsky, Rafail},
  booktitle={Proceedings of the 2022 ACM SIGSAC Conference on Computer and Communications Security},
  pages={531--545},
  year={2022}
}